% Minhas Refs

@Article{Bhushan,
    author={M. Bhushan and others},
    title={Ring oscillators for {CMOS} process tuning and variability control.}, 
    year={2006},
    journal = {IEEE Transactions on Semiconductor Manufacturing},
    volume={19},
    number={1},
    pages={10-18},
    doi={doi: 10.1109/TSM.2005.863244},
}

@Article{Michal,
    author={V. Michal},
    title={On the low-power design, stability improvement and frequency estimation of the {CMOS} ring oscillator}, 
    year={2012},
    journal = {Proceedings of 22nd International Conference Radioelektronika},
    volume={},
    number={},
    pages={1-4},
    doi={},
}

@Article{Bhardwaj,
    author={S. Bhardwaj and others},
    title={Predictive Modeling of the {NBTI} Effect for Reliable Design}, 
    year={2016},
    journal = {IEEE Custom Integrated Circuits Conference},
    volume={},
    number={},
    pages={189-192},
    doi={10.1109/CICC.2006.320885},
}

@Article{Grossi,
    author={Grossi, M. and OmaÑa, M.},
    title={Investigation of the Impact of {BTI} Aging Phenomenon on Analog Amplifiers}, 
    year={2021},
    journal = {IEJ Electron Test},
    volume={37},
    number={},
    pages={533-544},
    url={https://doi.org/10.1007/s10836-021-05967-9}
}

@Article{Davidovic,
    author={DavidoviĆ and others},
    title={NBT Stress and Radiation Related Degradation and Underlying Mechanisms in Power {VDMOSFETS}}, 
    year={2021},
    journal = {FACTA UNIVERSITATIS Series: Electronics and Energetics},
    volume={31},
    number={3},
    pages={367-388},
    url={https://doi.org/10.2298/FUEE1803367D }
}

@Article{Lorenz,
    author={Dominik Lorenz},
    title={Aging Analysis of Digital Integrated Circuits}, 
    year={2012},
    journal = {TECHNISCHE UNIVERSITÄT MÜNCHEN}
}

@Article{Sato,
    author={Sato and others},
    title={Reduction of {NBTI}-Induced Degradation on RingOscillators in {FPGA}}, 
    year={2014},
    journal = {Pacific Rim International Symposium on Dependable Computing},
    volume={20},
    number={10},
    pages={59-67},
    url={http://hdl.handle.net/10228/00006261},
    doi={10.1109/PRDC.2014.16},
}

@Article{Butzen,
  author  = {Butzen, Paulo Francisco},
  journal = {Tese - Escola de Engenharia, Universidade Federal do Rio Grande do Sul},
  title   = {Aging aware design techniques and {CMOS} gate degradation estimative},
  year    = {2012},
  url     = {https://lume.ufrgs.br/bitstream/handle/10183/61868/000866378.pdf?sequence=1&isAllowed=y}
}

@misc{Sparkfun,
  author  = {Sparkfun},
  title   = {LogicBlocks Experiment Guide},
  accesed = {25 dez. 2023},
  year    = {2023},
  url     = {https://learn.sparkfun.com/tutorials/logicblocks-experiment-guide/5-ring-oscillator}
}

@misc{AmdFpga,
  author  = {Xilinx},
  title   = {Field Programmable Gate Array ({FPGA})},
  accesed = {31 dez. 2023},
  year    = {2023},
  url     = {https://www.xilinx.com/products/silicon-devices/fpga/what-is-an-fpga.html}
}

@misc{AmdFpga2,
  author  = {Xilinx},
  title   = {Zynq 7000 Product Brief},
  accesed = {14 jan. 2024},
  year    = {2023},
  url     = {https://www.xilinx.com/content/dam/xilinx/support/documents/product-briefs/zynq-7000-product-brief.pdf}
}

@Article{Sulaiman,
  author  = {Nasri Sulaiman and others},
  journal = {Australian Journal of Basic and Applied Sciences},
  title   = {Design and Implementation of {FPGA}-Based Systems - A Review},
  year    = {2009},
  url     = {https://www.researchgate.net/publication/268424617_Design_and_Implementation_of_FPGA-Based_Systems_-A_Review}
}

@Article{Ain,
  author  = {Mohd Fadzil Ain  and Majid S. Naghmash and Y. H. Chye},
  journal = {European Journal of Scientific Research},
  volume={45},
  number={1},
  pages={111-121},
  title   = {Synthesis of {HDL} Code for {FPGA} Design Using System
Generator},
  year    = {2010},
  url     = {https://www.researchgate.net/publication/292566560_Synthesis_of_HDL_code_for_FPGA_design_using_system_generator}
}

@Article{Wunnava,
  author  = {Subbarao Wunnava and Jaime Marcelo Montenegro},
  journal = {Second LACCEI International Latin American and Caribbean Conference for Engineering and Technology},
  title   = {Tutorial on {VHDL} and Verilog Applications},
  year    = {2004},
  url     = {https://studylib.net/doc/7714871/tutorial-on-vhdl-and-verilog-applications}
}

@book{Bhasker,
    author = {Jayaram Bhasker},
    title = {A Verilog {HDL} Primer 2nd edition},
    publisher = {Star Galaxy Publishing, USA},
    year = {1999}
}

@Article{Schroder,
  author  = {Dieter K. Schroder and Jeff A. Babcock},
  journal = {Journal of Applied Physics},
  title   = {Negative bias temperature instability: Road to cross in deep submicron silicon
semiconductor manufacturing},
  volume={94},
  number={1},
  year    = {2003},
  doi     = {10.1063/1.1567461}
}

@Article{Linder,
  author  = {Barry P. Linder and others},
  journal = {2011 IEEE International Integrated Reliability Workshop Final Report},
  title   = {Separating {NBTI} and {PBTI} effects on the Degradation of Ring Oscillator Frequency},
  pages   = {1-6},
  year    = {2011},
  doi     = {10.1109/IIRW.2011.6142575}
}

@Article{Alam,
  author  = {M.A. Alam and others},
  journal = {Microelectronics Reliability},
  title   = {A comprehensive model for {PMOS} {NBTI} degradation: Recent progress},
  volume  = {47},
  number  = {6},
  pages   = {853-862},
  year    = {2007},
  doi     = {https://doi.org/10.1016/j.microrel.2006.10.012}
}

@Article{Chen,
  author  = {G. Chen and others},
  journal = {IEEE International Reliability Physics Symposium Proceedings},
  title   = {Dynamic {NBTI} of {PMOS} transistors and its impact on device lifetime},
  volume  = {41},
  pages   = {196-202},
  year    = {2003},
  doi     = {10.1109/RELPHY.2003.1197745.}
}

@Article{Banaszeski,
  author  = {Maurício Banaszeski da Silva},
  journal = {Dissertação - Escola de Engenharia, Universidade Federal do Rio Grande do Sul},
  title   = {Circuito On-Chip para a Caracterização em Alta Escala do Efeito de Bias Temperature Instability},
  year    = {2012},
  url     = {https://www.lume.ufrgs.br/bitstream/handle/10183/147989/001001128.pdf?sequence=1}
}

@Article{Gilson,
  author  = {G. I. Wirth and R. da Silva and B. Kaczer},
  journal = {IEEE Transactions on Electron Devices},
  title   = {Statistical Model for {MOSFET} Bias Temperature Instability Component Due to Charge Trapping},
  volume  = {58},
  number  = {8},
  pages   = {2743-2751},
  year    = {2011},
  url     = {https://ieeexplore.ieee.org/document/5910375},
  doi     = {10.1109/TED.2011.2157828}
}

@Article{Zeng,
    author={Zeng and others},
    title={Detailed study of {NBTI} characterization in 40-nm {CMOS} process using comprehensive models}, 
    year={2017},
    journal = {Chinese Phys. B},
    volume={26},
    number={10},
    doi={10.1088/1674-1056/26/10/108503},
}

@Article{Garcia,
  author  = {R. FernÁndez-GarcÍa and others},
  journal = {Microelectronics Reliability},
  title   = {A {CMOS} circuit for evaluating the {NBTI} over a wide frequency range},
  volume  = {49},
  number  = {8},
  pages   = {885-891},
  year    = {2009},
  doi     = {https://doi.org/10.1016/j.microrel.2009.05.009}
}

@Article{Paul,
  author  = {B. C. Paul and others},
  journal = {Proceedings of the Design Automation & Test in Europe Conference},
  title   = {Temporal Performance Degradation under {NBTI}: Estimation and Design for Improved Reliability of Nanoscale Circuits},
  year    = {2006},
  volume  = {1},
  number  = {},
  pages   = {1-6},
  doi     = {10.1109/DATE.2006.244119}
}

@Article{Radamson,
  author  = {Henry H. Radamson and others},
  journal = {Micromachines},
  title   = {Miniaturization of {CMOS}},
  year    = {2019},
  volume  = {10},
  number  = {5},
  pages   = {293},
  doi     = {https://doi.org/10.3390/mi10050293}
}

@Article{Kocak,
  author  = {HÜsnÜ Murat KoÇak and others},
  journal = {2021 IEEE International Conference on Big Data (Big Data)},
  title   = {Detecting Transistor Defects in Medical Systems Using a Multi Model Ensemble of Convolutional Neural Networks},
  year    = {2021},
  pages   = {4731-4737},
  doi     = {10.1109/BigData52589.2021.9671667}
}

@Article{Galler,
  author  = {Donald Galler and George Slenski},
  journal = {IEEE Aerospace and Electronic Systems Magazine},
  title   = {Causes of Aircraft Electrical Failures},
  year    = {1991},
  volume  = {6},
  number  = {8},
  pages   = {3-8},
  doi     = {10.1109/62.90949}
}

@Article{Ashraf,
  author  = {Nabil Shovon Ashraf and others},
  journal = {IEEE Electron Device Letters},
  title   = {Accurate Model for the Threshold Voltage Fluctuation Estimation in 45-nm Channel Length {MOSFET} Devices in the Presence of Random Traps and Random Dopants},
  year    = {2011},
  volume  = {32},
  number  = {8},
  pages   = {1044-1046},
  doi     = {10.1109/LED.2011.2158287}
}

@Article{Degalahal,
  author  = {Vijay Degalahal and others},
  journal = {20th International Conference on VLSI Design held jointly with 6th International Conference on Embedded Systems (VLSID'07)},
  title   = {Impact of {NBTI} on {FPGAs}},
  year    = {2007},
  pages   = {717-722},
  doi     = {10.1109/VLSID.2007.91}
}

@INPROCEEDINGS{4092126,
  author={Vijay Degalahal and Irwin, M.J. and Vijaykrishnan, N. and Suresh, S. and Ramakrishnan, K. and Vijay Degalahal and Irwin, M.J. and Vijaykrishnan, N. and Suresh, S. and Ramakrishnan, K.},
  booktitle={20th International Conference on VLSI Design held jointly with 6th International Conference on Embedded Systems (VLSID'07)}, 
  title={Impact of {NBTI} on {FPGAs}}, 
  year={2007},
  volume={},
  number={},
  pages={717-722},
  keywords={Niobium compounds;Titanium compounds;Field programmable gate arrays;Degradation;MOS devices;Circuit noise;Negative bias temperature instability;Threshold voltage;MOSFETs;Digital systems},
  doi={10.1109/VLSID.2007.91}}

@Article{Rjoub,
  author  = {Abdoul Rjoub and Ali Mohammd Shatnawi},
  journal = {Journal of ELECTRICAL ENGINEERING},
  title   = {HIGH SPEED LOW POWER MULTI–THRESHOLD VOLTAGE FLIP FLOPS},
  volume={54},
  number={5-6},
  pages   = {123-127},
  year    = {2003}
}

% Não citados ainda

@Article{Reisinger,
  author  = {H. Reisinger and others},
  journal = {IEEE International Reliability Physics Symposium Proceedings},
  title   = {Analysis of {NBTI} Degradation- and Recovery-Behavior Based on Ultra Fast VT-Measurements},
  pages   = {448-453},
  year    = {2006},
  doi     = {10.1109/RELPHY.2006.251260}
}

@misc{AmdFpga3,
  author  = {Xilinx},
  title   = {Zynq-7000 SoC Family Product Selection Guide},
  accesed = {14 jan. 2024},
  year    = {2019},
  url     = {https://docs.xilinx.com/v/u/en-US/zynq-7000-product-selection-guide}
}

% HCI

@Article{Cacho,
  author  = {F. Cacho and others},
  title   = {Modeling of Hot Carrier Injection across technologyscaling},
  year    = {2015},
  url     = {https://www.researchgate.net/publication/284552440_Modeling_of_hot_carrier_injection_across_technology_scaling#fullTextFileContent},
  doi     = {10.1109/IIRW.2014.7049514}
}

@Article{Jiang,
  author  = {Wenjie Jiang},
  title   = {Hot-Carrier Reliability Assessment in {CMOS} Digital Integrated Circuits},
  journal = {Thesis (Ph. D.)--Massachusetts Institute of Technology, Dept. of Electrical Engineering and Computer Science},
  year    = {1998},
  url     = {https://dspace.mit.edu/handle/1721.1/47514}
}